
@Book{milne2006,
author = {J.S. Milne},
title = {Elliptic Curves},
year = {2006},
publisher={BookSurge Publishers},
pages={238+viii},
isbn={1-4196-5257-5}
}

@Book{marku2005,
author = {A.I. Markushevich},
title = {Theory of Functions of a Complex Variable, Parte I,II y III},
year = {2005},
publisher={The American Mathematical Society},
address={Rhode Island},
isbn={978-0-8218-3780-1}
}


@Book{alf1973,
author = {L.V Ahlfors},
title = {Complex Analysis},
year = {1979},
publisher={McGraw-Hill Book Company},
address={},
edition={3rd}
}

@Book{akhie1990,
author = {N.I. Akhiezer},
title = {Elements of the Theory of Elliptic Functions},
year = {1990},
publisher={The American Mathematical Society},
address={Rhode Island},
isbn={978-0-8218-0900-6}
}

@Book{knopp1996,
author = {K Knopp},
title = {Theory of Functions, Parte I y II },
year = {1973},
publisher={Dover Publications},
address={},
edition={}
}

@Book{marsd1996,
author = {J.E Marsden},
title = {Análisis Básico de Variable Compleja },
year = {1996, reimpresión 2008},
publisher={Trillas},
address={México},
edition={}
}

@Book{witwat1927,
author = {E.T. Whittaker and G.N. Watson },
title = {A Course of Modern Analysis},
year = {1927, reimpresión 1963},
publisher={Cambridge University Press},
address={New York},
edition={4th}
}

@Book{bomer1991,
author = {C.B. Boyer and U.C. Merzbach },
title = {A History of Mathematics},
year = {1991},
publisher={Wiley},
address={New York},
edition={2nd}
}

@Book{Liou1879,
author = {J. Liouville},
title = { Le\c{c}ons sur les fonctions doublement périodiques},
year = {1879},
publisher={Journal f\"{u}r die Reine und Angewandte Mathematik},
address={},
edition={}
}

@Book{Cauch1882,
author = {A.L Cauchy },
title = { Mémoires sur les fonctions complémentaires},
year = {1882},
publisher={\OE uvres complètes d'Augustin Cauchy},
address={},
edition={}
}

@Book{Port1997,
    author  = {R.M. Porter},
    title   = {Contribuciones de Weierstrass a la variable compleja},
    year    = {pp. 59-74, 1997},
    publisher = {Miscelánea Matemática 25},
}

@Book{Rain1960,
author = {E.D Rainville },
title = {Special Functions},
year = {1960},
publisher={Macmillan Company},
address={New York},
edition={}
}

@Book{Bart1980,
author = {R.G Bartle },
title = {Introducción al Análisis Matemático},
year = {1980},
publisher={Limusa},
address={México},
edition={}
}

@Book{freit2008,
author = {E. Freitag and R. Busam },
title = {Complex Analysis},
year = {2009},
publisher={Springer},
address={Heidelberg},
edition={2nd}
}

@Book{Apos1990,
author = {T.M. Apostol},
title = {Modular Functions and Dirichlet Series in Number Theory},
year = {1990},
publisher={Springer},
address={New York},
edition={2nd}
}

@Book{birk1977,
author = {G. Birkhoff and S. MacLane},
title = {A Survey of Modern Algebra},
year = {1977},
publisher={Macmillan Publishing Co., Inc.},
address={New York},
edition={4th}
}

@Book{lawd1989,
author = {D.F. Lawden},
title = {Eliptic Functions and Aplications},
year = {1989},
publisher={Springer},
address={New York}
}

@Book{sieg1969,
author = {C.L. Siegel},
title = {Topics in Complex Function Theory, Vol. I},
year = {1969},
publisher={Wiley-Interscience},
address={New York}
}

@Book{forsy1965,
author = {A.R. Forsyth },
title = {Theory of Functions of a Complex Variable, Vol. I},
year = {1965},
publisher={Dover Publications},
}

@Article{zbMATH02629860,
    Author = {D. Th. {Egoroff}},
    Title = {{Sur les suites de fonctions mesurables.}},
    FJournal = {{Comptes Rendus Hebdomadaires des S\'eances de l'Acad\'emie des Sciences, Paris}},
    Journal = {{C. R. Acad. Sci., Paris}},
    ISSN = {0001-4036},
    Volume = {152},
    Pages = {244--246},
    Year = {1911},
    Publisher = {Gauthier-Villars, Paris},
    Language = {French},
    Zbl = {42.0423.01}
}